<?xml version="1.0" encoding="UTF-8"?><collection xmlns="http://www.loc.gov/MARC21/slim"><record><leader>00572nam--2200205-u-4500</leader><controlfield tag="001">000054125</controlfield><controlfield tag="002">20161230</controlfield><controlfield tag="005">20161230201051</controlfield><controlfield tag="008">110803s1000------------r-----000-0-rus-d</controlfield><datafield ind1=" " ind2=" " tag="040"><subfield code="a">IFIN-HH</subfield></datafield><datafield ind1=" " ind2=" " tag="041"><subfield code="a">rus</subfield></datafield><datafield ind1=" " ind2=" " tag="080"><subfield code="a">537.562</subfield></datafield><datafield ind1="1" ind2=" " tag="100"><subfield code="a">Spitzer,Lyman</subfield></datafield><datafield ind1="1" ind2="0" tag="245"><subfield code="a">Fizika polnostiu ionizovannogo gaza</subfield><subfield code="c">Lyman spitzer, jr</subfield></datafield><datafield ind1=" " ind2=" " tag="260"><subfield code="a">Moskva</subfield><subfield code="b">Inostrannoi Literaturi</subfield><subfield code="c">1957</subfield></datafield><datafield ind1=" " ind2=" " tag="300"><subfield code="a">112P</subfield></datafield><datafield ind1=" " ind2=" " tag="490"><subfield code="a">Problemi Fiziki</subfield></datafield><datafield ind1=" " ind2=" " tag="500"><subfield code="a">Titlul Original In Limba Engleza: Physics Of Fully Ionized Gases</subfield></datafield><datafield ind1=" " ind2=" " tag="852"><subfield code="a">4978</subfield><subfield code="c">537.52</subfield></datafield><datafield ind1=" " ind2=" " tag="CAT"><subfield code="a">Sys</subfield><subfield code="c">20110803</subfield><subfield code="h">122809</subfield></datafield></record></collection>